@article{Peffers:2007,
	author = {Ken Peffers and Tuunanen Tuukka and Rothenberge M.A. and Chatterjee Samir},
	title = {A Design Science Research methodology for Information Systems Research},
	journal = {Journal of Management Information Systems},
	year = {2007},
	volume = {24},
	pages = {123-456},
	number = {3},
	month = {March},
	publisher = {Publisher},
}

@BOOK{Aken:2014,
	title = {{W}hat is {D}esign {S}cience {R}easearch? an operationalization of DSR for the social domain in seven statements},
	publisher = {Design Science Research institute},
	author = {{Joan van Aken}},
	year = {2014},
}

@BOOK{HH:2001,
	title = {Teemahaastattelu: Teemahaastattelun teoria ja käytäntö},
	publisher = {Helsinki University press},
	author = {Sirkka Hirsjärvi and Helena Hurme},
	year = {2001},
}

@online{LSC,
    author = {Eeva Raita and Hanno Nevanlinna and Nelli Myllylä and Risto Sarvas and Mirkka Länsisalo and Juha Pesonen},
    title = {Lean Service Creation},
    url = {https://leanservicecreation.com},
    keywords = {lean service creation},
    urldate = {2019-06-14},
    year = {2017},
}

@article{Salvatore:1995,
	author = {Salvatore T. March and Gerald F. Smith},
	title = {Design and natural science research on information technology},
	journal = {Decision Support Systems},
	year = {1995},
	volume = {15},
	pages = {251-266},
	number = {3},
	month = {March},
	publisher = {Publisher},
}

@misc{LLHA:2,
	author={{Limited Liability Housing Companies Act}},
  	title={1599/2009, § 2},
  	year = {2009},
  	url = {{https://www.finlex.fi/fi/laki/ajantasa/2009/20091599}},
  	urldate = {2019-07-02},
}

@online{REMF,
    author = {Isännöintiliitto},
    title = {Isännöinnin ja asukkaiden asialla},
    url = {https://www.isannointiliitto.fi/},
    urldate = {2019-07-03},
    year = {2017},
}

@online{Stats,
    author = {{Official Statistics of Finland (OSF)}},
    title = {Finance of housing companies},
    url = {https://www.stat.fi/til/asyta/2018/asyta_2018_2019-06-13_kat_001_fi.html},
    urldate = {2019-07-03},
    year = {2018},
}

@book{Lujanen:2017,
    author = {Martti Lujanen},
    title = {Here and there Limited liability housing copmanies - an international comparison},
    url = {https://issuu.com/kiinteistoliitto/docs/here_and_there},
    urldate = {2019-07-03},
    year = {2017},
    pages = {5-9},
    publisher = {The Real Estate Federation},
}

@online{YIT,
    author = {Heli Satuli},
    title = {The Finnish housing company model is unique worldwide},
    url = {https://www.yitgroup.com/en/news-repository/news/the-finnish-housing-company-model-is-unique-worldwide},
    urldate = {2019-07-03},
    year = {2014},
}

@book{RantanenViiala:2015,
    title = {Näin toimii asunto-osakeyhtiö},
    author = {Helena Viiala and Roy Rantanen},
    publisher = {Kiinteistöalan Kustannus Oy},
	year = {2015},
}

@book{Hallintotapa:2017,
    title = {Taloyhtiön hyvä hallintotapa -suositus 2016},
    author = {Suomen Kiinteistöliitto and Isännöintiliitto and Kiinteistöalan hallitusammattilaiset Akha ry and oikeusministeriö},
    publisher = {Suomen Kiinteistöliitto and Isännöintiliitto and Kiinteistöalan hallitusammattilaiset Akha ry and oikeusministeriö},
	year = {2017},
}

@book{Cliffod:2010,
    title = {Key Methods in Geography},
    author = {Robyn Longhurst},
    publisher = {SAGE},
	year = {2010},
    url = {https://is.muni.cz/el/1431/jaro2015/Z0132/um/54979481/_Nicholas_Clifford__Gill_Valentine__Key_Methods_in_BookFi.org_.pdf#page=126},
    pages = {103-113},
}

@book{Wilson:2013,
    title = {Interview Techniques for UX Practitioners},
    author = {Chauncey Wilson},
    publisher = {Morgan Kaufmann},
	year = {2013},
}

@book{Johannesson:2014,
    title = {An Introduction to Design Sc ience},
    author = {Paul Johannesson and Erik Perjons},
    publisher = {Springer},
	year = {2014},
}

@techreport{Energyindustry:2019,
	title = {Suomen energiatoimiala 2019},
    author = {Alma Talent and Valor},
    institution = {Alma Talent and Valor},
    year = {2018},
}

@book{Sarekoski:2015,
    title = {Sata ja yksi kysymystä taloyhtiöstä},
    author = {Katriina Sarekoski},
    publisher = {Kiinteistöalan Kustannus Oy},
	year = {2015},
}

@book{Kalbach:2016,
    title = {Mapping Experiences: A Complete Guide to Creating Value Through Journeys, Blueprints, and Diagrams},
    author = {James Kalbach},
    publisher = {O'Reilly Media},
	year = {2016},
}

@online{Richardson:2010,
    author = {Adam Richardson},
    title = {Using Customer Journey Maps to Improve Customer Experience},
    url = {http://www.iimagineservicedesign.com/wp-content/uploads/2015/07/Experience-Maps-Using-Customer-Journey-Maps-to-Improve-Customer-Experience.pdf},
    urldate = {2019-08-19},
    year = {2010},
}

@online{Temkin:2010,
    author = {Bruce D. Temkin},
    title = {Mapping The Customer Journey: Best Practices For Using An Important Customer Experience Tool},
    url = {http://www.iimagineservicedesign.com/wp-content/uploads/2015/09/Mapping-Customer-Journeys.pdf},
    urldate = {2019-08-20},
    year = {2010},
}

@book{LenheatArticle:2019,
    title = {Leanheat Overview and Key Benefits for District Heating Companies},
    author = {Lauri Leppä and Jaakko Luttinen and Ossi Porri and Antti Solonen  and Mikko Wahlroos},
    publisher = {Leanheat},
    year = {2019},
}

@online{Poyry:2018,
    title = {Älykäs kaupunkienergia},
    author = {Pöyry},
    url = {https://energia.fi/files/2862/Alykas_kaupunkienergia_LOPPURAPORTTI_20180614.pdf},
    urldate = {2019-09-03},
    year = {2018},
}

@online{Energyindustrygraphs:2018,
    title = {Kaukolämpö 2018},
    author = {{Finnish Energy Industries}},
    url = {https://energia.fi/ajankohtaista_ja_materiaalipankki/materiaalipankki/kaukolampo_2018_graafeina.html#material-view},
    urldate = {2019-09-03},
    year = {2018},
}

@book{Drucker:2007,
    title = {The Practice of Management},
    author = {Peter Drucker},
    publisher = {ProQuest Ebook Central},
    year = {2007},
}

@book{Parniangtong:2017,
    title = {Competitive Advantage of Customer Centricity},
    author = {Sathit Parniangtong},
    publisher = {Sprninger},
    year = {2017},
}

@article{PathToCustomerCentricity:2006,
	author = {Denish Shah and Roland T. Rust and A. Parasurman and Richard Staelin and George S. Day},
	title = {The Path to Customer Centricity},
	journal = {Journal of Service Research},
	year = {2006},
	volume = {9},
	pages = {113-124},
	number = {2},
	month = {November},
	publisher = {Sage Publications},
}

@book{Fader:2012,
    title = {Customer Centricity - Focus on the Right Customers for Strategic Advantage},
    author = {Peter Fader},
    publisher = {Whaton Digital Press},
    year = {2012},
}

@book{LeanEntrepreneur:2013,
    title = {The Lean Entrepreneur : How Visionaries Create Products, Innovate with New Ventures, and Disrupt Markets},
    author = {Brant Cooper and Patrick Vlaskovits},
    publisher = {John Wiley & Sons, Incorporated},
    year = {2013},
}

@book{MarketingPlans:2016,
    title = {Marketing Plans : How to Prepare Them, How to Profit from Them},
    author = {Malcolm McDonald and Hugh Wilson},
    publisher = {John Wiley & Sons, Incorporated},
    year = {2016},
}

@book{BusinessModelGeneration:2010,
    title = {Business Model Generation},
    author = {Alexander Osterwalder and Yves Pigneur},
    publisher = {John Wiley & Sons, Incorporated},
    year = {2010},
}

@online{Deloitte,
    author = {Deloitte and {Touche Oy}},
    title = {Rohkeasti eteenpäin, ennen kuin muut ehtivät ensin},
    url = {https://energia.fi/files/1343/2016_Digitalisaation_vaikutukset_FIN.pdf},
    urldate = {2019-10-01},
    year = {2016},
}

@online{Energiateollisuus:2018,
    author = {Energiateollisuus},
    title = {Energia-alalla koittaa asiakkaiden aika},
    url = {https://energia.fi/files/2572/energiateollisuus_asiakkaiden_aika.pdf},
    urldate = {2019-10-01},
    year = {2018},
}

@techreport{Tekes:2017,
	title = {Tulevaisuuden energia 2030..2050},
    author = {Pia Salokoski},
    institution = {Tekes},
    year = {2017},
}